<record><leader>00000cas a22000007a 4500</leader><controlfield tag="001">12880928</controlfield><controlfield tag="008">851206d1895189umtuwr ne      0    0eng d</controlfield><datafield ind1=" " ind2=" " tag="010"><subfield code="a">sn 85053357 </subfield></datafield><datafield ind1=" " ind2=" " tag="040"><subfield code="a">MTL</subfield><subfield code="b">eng</subfield><subfield code="c">MTL</subfield><subfield code="d">OCLCQ</subfield></datafield><datafield ind1=" " ind2=" " tag="042"><subfield code="a">msc</subfield></datafield><datafield ind1="0" ind2=" " tag="130"><subfield code="a">Silver standard (Libby, Mont.)</subfield></datafield><datafield ind1="1" ind2="4" tag="245"><subfield code="a">The Silver standard.</subfield></datafield><datafield ind1=" " ind2=" " tag="260"><subfield code="a">Libby, Mont. :</subfield><subfield code="b">[s.n.],</subfield><subfield code="c">1895-</subfield></datafield><datafield ind1=" " ind2=" " tag="300"><subfield code="a">v. ;</subfield><subfield code="c">55 cm.</subfield></datafield><datafield ind1=" " ind2=" " tag="310"><subfield code="a">Weekly</subfield></datafield><datafield ind1="0" ind2=" " tag="362"><subfield code="a">Vol. 1, no. 1 (July 13, 1895)-</subfield></datafield><datafield ind1=" " ind2=" " tag="500"><subfield code="a">"The Silver Standard will be strictly independent ... Our primary object will be to disseminate the mining news of this section and secondly, to advocate the free coinage of silver."</subfield></datafield><datafield ind1=" " ind2=" " tag="752"><subfield code="a">United States</subfield><subfield code="b">Montana</subfield><subfield code="c">Lincoln</subfield><subfield code="d">Libby.</subfield></datafield></record>